% This file was created with JabRef 2.6.
% Encoding: UTF-8

@article{ferdoush2014,
  title={Wireless sensor network system design using Raspberry Pi and Arduino for environmental monitoring applications},
  author={Ferdoush, Sheikh and Li, Xinrong},
  journal={Procedia Computer Science},
  volume={34},
  pages={103--110},
  year={2014},
  publisher={Elsevier}
}

@article{yang2010integration,
  title={Integration of wireless sensor networks in environmental monitoring cyber infrastructure},
  author={Yang, Jue and Zhang, Chengyang and Li, Xinrong and Huang, Yan and Fu, Shengli and Acevedo, Miguel F},
  journal={Wireless Networks},
  volume={16},
  number={4},
  pages={1091--1108},
  year={2010},
  publisher={Springer-Verlag New York, Inc.}
}

@comment{jabref-meta: selector_publisher:}

@comment{jabref-meta: selector_author:}

@comment{jabref-meta: selector_journal:}

@comment{jabref-meta: selector_keywords:}

